<record><leader>00000cas a2200000La 4500</leader><controlfield tag="001">173714341</controlfield><controlfield tag="007">hd afb---buuu</controlfield><controlfield tag="008">820917d18901976ctudn nea     0   a0eng  </controlfield><datafield ind1=" " ind2=" " tag="010"><subfield code="a">sn 82014519 </subfield></datafield><datafield ind1=" " ind2=" " tag="040"><subfield code="a">DLC</subfield><subfield code="b">eng</subfield><subfield code="c">UBY</subfield><subfield code="d">OCLCF</subfield><subfield code="d">OCLCO</subfield></datafield><datafield ind1="0" ind2=" " tag="130"><subfield code="a">New Britain herald (New Britain, Conn. : 1890)</subfield></datafield><datafield ind1="0" ind2="0" tag="245"><subfield code="a">New Britain herald</subfield><subfield code="h">[microform].</subfield></datafield><datafield ind1=" " ind2=" " tag="260"><subfield code="a">New Britain, Conn. :</subfield><subfield code="b">Herald Pub. Co.,</subfield></datafield><datafield ind1=" " ind2=" " tag="300"><subfield code="a">v. :</subfield><subfield code="b">ill. ;</subfield><subfield code="c">60 cm.</subfield></datafield><datafield ind1=" " ind2=" " tag="310"><subfield code="a">Daily (except Sun.)</subfield></datafield><datafield ind1="0" ind2=" " tag="362"><subfield code="a">Sep. 8, 1890-v. 96, no. 237 (July 3, 1976) ; 96th year, no. 238 (July 6, 1976)-96th year, no. 253 (Oct. 26, 1976).</subfield></datafield><datafield ind1=" " ind2=" " tag="500"><subfield code="a">"Independent."</subfield></datafield><datafield ind1=" " ind2=" " tag="530"><subfield code="a">Available on microfilm from New England Micrographics, Marlboro, Mass.</subfield></datafield><datafield ind1=" " ind2=" " tag="530"><subfield code="a">Also available on microfilm from Connecticut State Library, Hartford, CT.</subfield></datafield><datafield ind1=" " ind2=" " tag="580"><subfield code="a">Weekly ed.: New Britain herald (New Britain, Conn. : 1888),</subfield></datafield><datafield ind1=" " ind2=" " tag="580"><subfield code="a">Also published by the Herald Pub. Co.: Bristol herald (Bristol, Conn.)</subfield></datafield><datafield ind1=" " ind2=" " tag="533"><subfield code="a">Microfilm.</subfield><subfield code="b">Marlboro, Mass.:</subfield><subfield code="c">New England Micrographics.</subfield><subfield code="e"> microfilm reels ; 35 mm</subfield></datafield><datafield ind1=" " ind2="0" tag="651"><subfield code="a">New Britain (Conn.)</subfield><subfield code="v">Newspapers.</subfield></datafield><datafield ind1=" " ind2="0" tag="651"><subfield code="a">Hartford County (Conn.)</subfield><subfield code="v">Newspapers.</subfield></datafield><datafield ind1=" " ind2="7" tag="655"><subfield code="a">Newspapers.</subfield><subfield code="2">rbgenr</subfield></datafield><datafield ind1=" " ind2="7" tag="655"><subfield code="a">Newspapers.</subfield><subfield code="2">fast</subfield><subfield code="0">(OCoLC)fst01423814</subfield></datafield><datafield ind1=" " ind2="7" tag="651"><subfield code="a">Connecticut</subfield><subfield code="z">Hartford County.</subfield><subfield code="2">fast</subfield><subfield code="0">(OCoLC)fst01211874</subfield></datafield><datafield ind1=" " ind2="7" tag="651"><subfield code="a">Connecticut</subfield><subfield code="z">New Britain.</subfield><subfield code="2">fast</subfield><subfield code="0">(OCoLC)fst01202983</subfield></datafield><datafield ind1=" " ind2=" " tag="752"><subfield code="a">United States</subfield><subfield code="b">Connecticut</subfield><subfield code="d">New Britain.</subfield></datafield><datafield ind1=" " ind2=" " tag="752"><subfield code="a">United States</subfield><subfield code="b">Connecticut</subfield><subfield code="c">Hartford County.</subfield></datafield><datafield ind1="1" ind2=" " tag="775"><subfield code="t">New Britain herald (New Britain, Conn. : 1888)</subfield><subfield code="w">(DLC)sn 93054130</subfield><subfield code="w">(OCoLC)29397104</subfield></datafield><datafield ind1="0" ind2="0" tag="780"><subfield code="t">New Britain daily herald</subfield><subfield code="w">(DLC)sn 93053876</subfield><subfield code="w">(OCoLC)27799554</subfield></datafield><datafield ind1="0" ind2="5" tag="780"><subfield code="t">New Britain record (New Britain, Conn. : 1892)</subfield><subfield code="g">July 1932</subfield><subfield code="w">(DLC)sn 93053961</subfield><subfield code="w">(OCoLC)28046513</subfield></datafield><datafield ind1="0" ind2="0" tag="785"><subfield code="t">Herald (New Britain, Conn.)</subfield><subfield code="w">(DLC)sn 82014516</subfield><subfield code="w">(OCoLC)8782955</subfield></datafield><datafield ind1="1" ind2=" " tag="787"><subfield code="t">Bristol herald (Bristol, Conn.)</subfield><subfield code="w">(DLC)sn 93054004</subfield><subfield code="w">(OCoLC)28270538</subfield></datafield></record>